@inproceedings{lloyd2013stronger,
  title={Stronger semantics for low-latency geo-replicated storage},
  author={Lloyd, Wyatt and Freedman, Michael J and Kaminsky, Michael and Andersen, David G},
  booktitle={Presented as part of the 10th $\{$USENIX$\}$ Symposium on Networked Systems Design and Implementation ($\{$NSDI$\}$ 13)},
  pages={313--328},
  year={2013}
}


@inproceedings{Fernandes2015,
 author = {Fernandes, S{\'e}rgio and Bernardino, Jorge},
 title = {What is BigQuery?},
 booktitle = {Proceedings of the 19th International Database Engineering \&\#38; Applications Symposium},
 series = {IDEAS '15},
 year = {2014},
 isbn = {978-1-4503-3414-3},
 location = {Yokohama, Japan},
 pages = {202--203},
 numpages = {2},
 url = {http://doi.acm.org/10.1145/2790755.2790797},
 doi = {10.1145/2790755.2790797},
 acmid = {2790797},
 publisher = {ACM},
 address = {New York, NY, USA},
 keywords = {BigData, BigQuery, Cloud, DW, Database, ETL, Google, SaaS},
} 


@misc{BigQuery,
  title = {{Google AI} BigQuery},
  howpublished = {\url{https://cloud.google.com/bigquery/what-is-bigquery}},
  note = {Accessed: 2019-05-23}
}

@misc{SQLserver,
  title = {{Microsoft Sql Server} ML Services},
  howpublished = {\url{https://cloudblogs.microsoft.com/sqlserver/2017/09/26/in-database-machine-learning-in-sql-server-2017/}},
  note = {Accessed: 2019-05-23}
}

@misc{QueryParser,
  title = {{Queryparser} Uber Engineering},
  howpublished = {\url{https://eng.uber.com/queryparser/}},
  note = {Accessed: 2019-05-23}
}

https://eng.uber.com/queryparser/



@misc{lohman2004,
  title={Learning from empirical results in query optimization},
  author={Lohman, Guy Maring and Stillger, Michael and Markl, Volker},
  year={2004},
  month=jul # "~13",
  publisher={Google Patents},
  note={US Patent 6,763,359}
}

@article{ortiz18,
  author    = {Jennifer Ortiz and
               Magdalena Balazinska and
               Johannes Gehrke and
               S. Sathiya Keerthi},
  title     = {Learning State Representations for Query Optimization with Deep Reinforcement
               Learning},
  journal   = {CoRR},
  volume    = {abs/1803.08604},
  year      = {2018},
  url       = {http://arxiv.org/abs/1803.08604},
  archivePrefix = {arXiv},
  eprint    = {1803.08604},
  timestamp = {Mon, 13 Aug 2018 16:47:34 +0200},
  biburl    = {https://dblp.org/rec/bib/journals/corr/abs-1803-08604},
  bibsource = {dblp computer science bibliography, https://dblp.org}
}